@Article{Adjuik2022,
  author    = {Adjuik, Toby A. and Ananey-Obiri, Daniel},
  journal   = {International Journal of Information Technology},
  title     = {Word2vec neural model-based technique to generate protein vectors for combating COVID-19: a machine learning approach},
  year      = {2022},
  number    = {7},
  pages     = {3291--3299},
  volume    = {14},
  publisher = {Springer},
}
